(All intermediate output will be suppressed. To see additional outuput, use the command -v)
@article{sims1994evolving,
	title = {Evolving virtual creatures},
	page = {15-22},
	publisher = {ACM Press},
	url = {http://dx.doi.org/10.1145/192161.192167},
	doi = {10.1145/192161.192167},
	journal = {Proceedings of the 21st annual conference on Computer graphics and interactive techniques  - SIGGRAPH '94},
	year = {1994},
	author = {Karl Sims}
}
(All intermediate output will be suppressed. To see additional outuput, use the command -v)
@article{wang2006topology,
	title = {Topology optimization of piezoelectric sensors/actuators for torsional vibration control of composite plates},
	volume = {15},
	issue = {2},
	page = {253-269},
	publisher = {IOP Publishing},
	url = {http://dx.doi.org/10.1088/0964-1726/15/2/004},
	doi = {10.1088/0964-1726/15/2/004},
	journal = {Smart Materials and Structures},
	year = {2006},
	month = {1},
	author = {S Y Wang and K Tai and S T Quek}
}
(All intermediate output will be suppressed. To see additional outuput, use the command -v)
@article{allison2010combined,
	title = {Combined Plant and Controller Design Using Decomposition-Based Design Optimization and the Minimum Principle},
	publisher = {ASMEDC},
	url = {http://dx.doi.org/10.1115/detc2010-28887},
	doi = {10.1115/detc2010-28887},
	journal = {Volume 1: 36th Design Automation Conference, Parts A and B},
	year = {2010},
	month = {1},
	author = {James T. Allison and Sam Nazari}
}
(All intermediate output will be suppressed. To see additional outuput, use the command -v)
@article{allison2013plantlimited,
	title = {Plant-Limited Co-Design of an Energy-Efficient Counterbalanced Robotic Manipulator},
	volume = {135},
	issue = {10},
	publisher = {ASME International},
	url = {http://dx.doi.org/10.1115/1.4024978},
	doi = {10.1115/1.4024978},
	journal = {Journal of Mechanical Design},
	year = {2013},
	month = {8},
	author = {James T. Allison}
}
(All intermediate output will be suppressed. To see additional outuput, use the command -v)
@article{han2017topology,
	title = {Topology optimization of planar linkage mechanisms for path generation without prescribed timing},
	volume = {56},
	issue = {3},
	page = {501-517},
	publisher = {Springer Science and Business Media LLC},
	url = {http://dx.doi.org/10.1007/s00158-017-1712-6},
	doi = {10.1007/s00158-017-1712-6},
	journal = {Structural and Multidisciplinary Optimization},
	year = {2017},
	month = {6},
	author = {Sang Min Han and Suh In Kim and Yoon Young Kim}
}
(All intermediate output will be suppressed. To see additional outuput, use the command -v)
@article{li2020fourier,
	title = {Fourier Neural Operator for Parametric Partial Differential Equations},
	publisher = {arXiv},
	url = {https://arxiv.org/abs/2010.08895},
	doi = {10.48550/ARXIV.2010.08895},
	journal = {arXiv},
	year = {2020},
	author = {Zongyi Li and Nikola Kovachki and Kamyar Azizzadenesheli and Burigede Liu and Kaushik Bhattacharya and Andrew Stuart and Anima Anandkumar}
}
(All intermediate output will be suppressed. To see additional outuput, use the command -v)
@article{bravopalacios2020one,
	title = {One Robot for Many Tasks: Versatile Co-Design Through Stochastic Programming},
	volume = {5},
	issue = {2},
	page = {1680-1687},
	publisher = {Institute of Electrical and Electronics Engineers (IEEE)},
	url = {http://dx.doi.org/10.1109/lra.2020.2969948},
	doi = {10.1109/lra.2020.2969948},
	journal = {IEEE Robotics and Automation Letters},
	year = {2020},
	month = {4},
	author = {Gabriel Bravo-Palacios and A. Del Prete and Patrick M. Wensing}
}
(All intermediate output will be suppressed. To see additional outuput, use the command -v)
@article{kriegman2020a,
	title = {A scalable pipeline for designing reconfigurable organisms},
	volume = {117},
	issue = {4},
	page = {1853-1859},
	publisher = {Proceedings of the National Academy of Sciences},
	url = {http://dx.doi.org/10.1073/pnas.1910837117},
	doi = {10.1073/pnas.1910837117},
	journal = {Proceedings of the National Academy of Sciences},
	year = {2020},
	month = {1},
	author = {Sam Kriegman and Douglas Blackiston and Michael Levin and Josh Bongard}
}
(All intermediate output will be suppressed. To see additional outuput, use the command -v)
@article{dinev2021a,
	title = {A Versatile Co-Design Approach For Dynamic Legged Robots},
	publisher = {arXiv},
	url = {https://arxiv.org/abs/2103.04660},
	doi = {10.48550/ARXIV.2103.04660},
	journal = {arXiv},
	year = {2021},
	author = {Traiko Dinev and Carlos Mastalli and Vladimir Ivan and Steve Tonneau and Sethu Vijayakumar}
}
(All intermediate output will be suppressed. To see additional outuput, use the command -v)
@article{lippe2023pderefiner,
	title = {PDE-Refiner: Achieving Accurate Long Rollouts with Neural PDE Solvers},
	publisher = {arXiv},
	url = {https://arxiv.org/abs/2308.05732},
	doi = {10.48550/ARXIV.2308.05732},
	journal = {arXiv},
	year = {2023},
	author = {Phillip Lippe and Bastiaan S. Veeling and Paris Perdikaris and Richard E. Turner and Johannes Brandstetter}
}
(All intermediate output will be suppressed. To see additional outuput, use the command -v)
@article{mirzendehdel2023codesign,
	title = {Co-design Optimization of Moving Parts for Compliance and Collision Avoidance},
	volume = {163},
	page = {103547},
	publisher = {Elsevier BV},
	url = {http://dx.doi.org/10.1016/j.cad.2023.103547},
	doi = {10.1016/j.cad.2023.103547},
	journal = {Computer-Aided Design},
	year = {2023},
	month = {10},
	author = {Amir M. Mirzendehdel and Morad Behandish}
}
(All intermediate output will be suppressed. To see additional outuput, use the command -v)
@article{yuhn20234d,
	title = {4D topology optimization: Integrated optimization of the structure and self-actuation of soft bodies for dynamic motions},
	volume = {414},
	page = {116187},
	publisher = {Elsevier BV},
	url = {http://dx.doi.org/10.1016/j.cma.2023.116187},
	doi = {10.1016/j.cma.2023.116187},
	journal = {Computer Methods in Applied Mechanics and Engineering},
	year = {2023},
	month = {9},
	author = {Changyoung Yuhn and Yuki Sato and Hiroki Kobayashi and Atsushi Kawamoto and Tsuyoshi Nomura}
}
(All intermediate output will be suppressed. To see additional outuput, use the command -v)
@article{sato2023topology,
	title = {Topology optimization of locomoting soft bodies using material point method},
	volume = {66},
	issue = {3},
	publisher = {Springer Science and Business Media LLC},
	url = {http://dx.doi.org/10.1007/s00158-023-03502-2},
	doi = {10.1007/s00158-023-03502-2},
	journal = {Structural and Multidisciplinary Optimization},
	year = {2023},
	month = {2},
	author = {Yuki Sato and Hiroki Kobayashi and Changyoung Yuhn and Atsushi Kawamoto and Tsuyoshi Nomura and Noboru Kikuchi}
}
(All intermediate output will be suppressed. To see additional outuput, use the command -v)
@article{girlanda2024robust,
	title = {Robust Co-Design of Canonical Underactuated Systems for Increased Certifiable Stability},
	page = {13271-13277},
	publisher = {IEEE},
	url = {http://dx.doi.org/10.1109/icra57147.2024.10611645},
	doi = {10.1109/icra57147.2024.10611645},
	journal = {2024 IEEE International Conference on Robotics and Automation (ICRA)},
	year = {2024},
	month = {5},
	author = {Federico Girlanda and Lasse Shala and Shivesh Kumar and Frank Kirchner}
}
(All intermediate output will be suppressed. To see additional outuput, use the command -v)
@article{sato2024computational,
	title = {Computational co-design of structure and feedback controller for locomoting soft robots},
	publisher = {arXiv},
	url = {https://arxiv.org/abs/2407.09270},
	doi = {10.48550/ARXIV.2407.09270},
	journal = {arXiv},
	year = {2024},
	author = {Yuki Sato and Changyoung Yuhn and Hiroki Kobayashi and Atsushi Kawamoto and Tsuyoshi Nomura}
}
(All intermediate output will be suppressed. To see additional outuput, use the command -v)
@article{liu2025neural,
	title = {Neural Co-Optimization of Structural Topology, Manufacturable Layers, and Path Orientations for Fiber-Reinforced Composites},
	publisher = {arXiv},
	url = {https://arxiv.org/abs/2505.03779},
	doi = {10.48550/ARXIV.2505.03779},
	journal = {arXiv},
	year = {2025},
	author = {Tao Liu and Tianyu Zhang and Yongxue Chen and Weiming Wang and Yu Jiang and Yuming Huang and Charlie C. L. Wang}
}
(All intermediate output will be suppressed. To see additional outuput, use the command -v)
@article{strgar2025accelerated,
	title = {Accelerated co-design of robots through morphological pretraining},
	publisher = {arXiv},
	url = {https://arxiv.org/abs/2502.10862},
	doi = {10.48550/ARXIV.2502.10862},
	journal = {arXiv},
	year = {2025},
	author = {Luke Strgar and Sam Kriegman}
}
